@article{Marco_Cirelli_2011,
	doi = {10.1088/1475-7516/2011/03/051},
  
	url = {https://doi.org/10.1088%2F1475-7516%2F2011%2F03%2F051},
  
	year = 2011,
	month = {mar},
  
	publisher = {{IOP} Publishing},
  
	volume = {2011},
  
	number = {03},
  
	pages = {051--051},
  
	author = {Marco Cirelli and  Gennaro Corcella and  Andi Hektor and  Gert Hütsi and  Mario Kadastik and  Paolo Panci and  Martti Raidal and  Filippo Sala and  Alessandro Strumia},
  
	title = {{PPPC} 4 {DM} {ID}: a poor particle physicist cookbook
		for dark matter indirect detection},
  
	journal = {Journal of Cosmology and Astroparticle Physics}
}

@article{Bertone_2018,
	doi = {10.1103/revmodphys.90.045002},
  
	url = {https://doi.org/10.1103%2Frevmodphys.90.045002},
  
	year = 2018,
	month = {oct},
  
	publisher = {American Physical Society ({APS})},
  
	volume = {90},
  
	number = {4},
  
	author = {Gianfranco Bertone and Dan Hooper},
  
	title = {History of dark matter},
  
	journal = {Reviews of Modern Physics}
}

@misc{bauer2018introduction,
      title={Yet Another Introduction to Dark Matter}, 
      author={Martin Bauer and Tilman Plehn},
      year={2018},
      eprint={1705.01987},
      archivePrefix={arXiv},
      primaryClass={hep-ph}
}

@article{Bauer_2021,
	doi = {10.1007/jhep06(2021)121},
  
	url = {https://doi.org/10.1007%2Fjhep06%282021%29121},
  
	year = 2021,
	month = {jun},
  
	publisher = {Springer Science and Business Media {LLC}
},
  
	volume = {2021},
  
	number = {6},
  
	author = {Christian W. Bauer and Nicholas L. Rodd and Bryan R. Webber},
  
	title = {Dark matter spectra from the electroweak to the Planck scale},
  
	journal = {Journal of High Energy Physics}
}

@article{Bertone_2005,
	doi = {10.1016/j.physrep.2004.08.031},
  
	url = {https://doi.org/10.1016%2Fj.physrep.2004.08.031},
  
	year = 2005,
	month = {jan},
  
	publisher = {Elsevier {BV}
},
  
	volume = {405},
  
	number = {5-6},
  
	pages = {279--390},
  
	author = {Gianfranco Bertone and Dan Hooper and Joseph Silk},
  
	title = {Particle dark matter: evidence, candidates and constraints},
  
	journal = {Physics Reports}
}

@article{Klangburam:2021vli,
	author = "Klangburam, Tanech and Pongkitivanichkul, Chakrit",
	editor = "Soonthornthu, B. and Aukkaravittayapu, S. and Kittara, P.",
	title = "{An interpretation of a simple portal dark matter model on Fermi-LAT gamma-ray excess}",
	doi = "10.1088/1742-6596/1719/1/012041",
	journal = "J. Phys. Conf. Ser.",
	volume = "1719",
	number = "1",
	pages = "012041",
	year = "2021"
}

@article{Ackermann_2017,
	doi = {10.3847/1538-4357/aa6cab},
	url = {https://dx.doi.org/10.3847/1538-4357/aa6cab},
	year = {2017},
	month = {may},
	publisher = {The American Astronomical Society},
	volume = {840},
	number = {1},
	pages = {43},
	author = {M. Ackermann and M. Ajello and A. Albert and W. B. Atwood and L. Baldini and J. Ballet and G. Barbiellini and D. Bastieri and R. Bellazzini and E. Bissaldi and R. D. Blandford and E. D. Bloom and R. Bonino and E. Bottacini and T. J. Brandt and J. Bregeon and P. Bruel and R. Buehler and T. H. Burnett and R. A. Cameron and R. Caputo and M. Caragiulo and P. A. Caraveo and E. Cavazzuti and C. Cecchi and E. Charles and A. Chekhtman and J. Chiang and A. Chiappo and G. Chiaro and S. Ciprini and J. Conrad and F. Costanza and A. Cuoco and S. Cutini and F. D’Ammando and F. de Palma and R. Desiante and S. W. Digel and N. Di Lalla and M. Di Mauro and L. Di Venere and P. S. Drell and C. Favuzzi and S. J. Fegan and E. C. Ferrara and W. B. Focke and A. Franckowiak and Y. Fukazawa and S. Funk and P. Fusco and F. Gargano and D. Gasparrini and N. Giglietto and F. Giordano and M. Giroletti and T. Glanzman and G. A. Gomez-Vargas and D. Green and I. A. Grenier and J. E. Grove and L. Guillemot and S. Guiriec and M. Gustafsson and A. K. Harding and E. Hays and J. W. Hewitt and D. Horan and T. Jogler and A. S. Johnson and T. Kamae and D. Kocevski and M. Kuss and G. La Mura and S. Larsson and L. Latronico and J. Li and F. Longo and F. Loparco and M. N. Lovellette and P. Lubrano and J. D. Magill and S. Maldera and D. Malyshev and A. Manfreda and P. Martin and M. N. Mazziotta and P. F. Michelson and N. Mirabal and W. Mitthumsiri and T. Mizuno and A. A. Moiseev and M. E. Monzani and A. Morselli and M. Negro and E. Nuss and T. Ohsugi and M. Orienti and E. Orlando and J. F. Ormes and D. Paneque and J. S. Perkins and M. Persic and M. Pesce-Rollins and F. Piron and G. Principe and S. Rainò and R. Rando and M. Razzano and S. Razzaque and A. Reimer and O. Reimer and M. Sánchez-Conde and C. Sgrò and D. Simone and E. J. Siskind and F. Spada and G. Spandre and P. Spinelli and D. J. Suson and H. Tajima and K. Tanaka and J. B. Thayer and L. Tibaldo and D. F. Torres and E. Troja and Y. Uchiyama and G. Vianello and K. S. Wood and M. Wood and G. Zaharijas and S. Zimmer and (The Fermi LAT Collaboration)},
	title = {The Fermi Galactic Center GeV Excess and Implications for Dark Matter},
	journal = {The Astrophysical Journal},
	abstract = {The region around the Galactic Center (GC) is now well established to be brighter at energies of a few GeV than what is expected from conventional models of diffuse gamma-ray emission and catalogs of known gamma-ray sources. We study the GeV excess using 6.5 yr of data from the Fermi Large Area Telescope. We characterize the uncertainty of the GC excess spectrum and morphology due to uncertainties in cosmic-ray source distributions and propagation, uncertainties in the distribution of interstellar gas in the Milky Way, and uncertainties due to a potential contribution from the Fermi bubbles. We also evaluate uncertainties in the excess properties due to resolved point sources of gamma rays. The GC is of particular interest, as it would be expected to have the brightest signal from annihilation of weakly interacting massive dark matter (DM) particles. However, control regions along the Galactic plane, where a DM signal is not expected, show excesses of similar amplitude relative to the local background. Based on the magnitude of the systematic uncertainties, we conservatively report upper limits for the annihilation cross-section as a function of particle mass and annihilation channel.}
}

@article{Folgado_2018,
   title={Probing the sterile neutrino portal to Dark Matter with γ rays},
   volume={2018},
   ISSN={1475-7516},
   url={http://dx.doi.org/10.1088/1475-7516/2018/08/002},
   DOI={10.1088/1475-7516/2018/08/002},
   number={08},
   journal={Journal of Cosmology and Astroparticle Physics},
   publisher={IOP Publishing},
   author={Folgado, Miguel G. and Gómez-Vargas, Germán A. and Rius, Nuria and de Austri, Roberto Ruiz},
   year={2018},
   month=aug, pages={002–002} }

@article{Minchin:2007sj,
    author = "Minchin, Robert and others",
    title = "{21-cm synthesis observations of VIRGOHI 21 - a possible dark galaxy in the Virgo Cluster}",
    eprint = "0706.1586",
    archivePrefix = "arXiv",
    primaryClass = "astro-ph",
    doi = "10.1086/520620",
    journal = "Astrophys. J.",
    volume = "670",
    pages = "1056",
    year = "2007"
}

@article{Walsh1979,
  title={0957+561: A Gravitationally Lensed Quasar},
  author={Walsh, Dennis and Irwin, Irwin A. and Carswell, Robert F.},
  journal={Nature},
  volume={279},
  number={5710},
  pages={121--123},
  year={1979},
  doi={10.1038/279121a0}
}

@article{Tyson_1998,
   title={Detailed Mass Map of CL 0024+1654 from Strong Lensing},
   volume={498},
   ISSN={0004-637X},
   url={http://dx.doi.org/10.1086/311314},
   DOI={10.1086/311314},
   number={2},
   journal={The Astrophysical Journal},
   publisher={American Astronomical Society},
   author={Tyson, J. Anthony and Kochanski, Greg P. and Dell’Antonio, Ian P.},
   year={1998},
   month=may, pages={L107–L110} }

@misc{nasa_svs_2023,
  title = {Cosmic Microwave Background Radiation Image (CMB) - GSFC},
  author = {NASA / Goddard Space Flight Center},
  url = {https://svs.gsfc.nasa.gov/30094/#:~:text=This%20composite%20image%20shows%20the,universe%20since%20the%20Big%20Bang},
  year = {2023},
  note = {Accessed February 18, 2024}
}


@article{Bergstr_m_2000,
	title={Non-baryonic dark matter: observational evidence and detection methods},
	volume={63},
	ISSN={1361-6633},
	url={http://dx.doi.org/10.1088/0034-4885/63/5/2r3},
	DOI={10.1088/0034-4885/63/5/2r3},
	number={5},
	journal={Reports on Progress in Physics},
	publisher={IOP Publishing},
	author={Bergström, Lars},
	year={2000},
	month=apr, pages={793–841} }

@misc{weinheimer2003neutrino,
	title={The neutrino mass direct measurements}, 
	author={Christian Weinheimer},
	year={2003},
	eprint={hep-ex/0306057},
	archivePrefix={arXiv},
	primaryClass={hep-ex}
}

@misc{passel,
  author = {University of Nebraska-Lincoln},
  title = {Plant and Soil Sciences eLibrary (PASSEL)},
  year = {2024},
  url = {https://passel2.unl.edu/},
  note = {Accessed February 18, 2024}
}

@misc{ enwiki:1199429080,
    author = "{Wikipedia contributors}",
    title = "Elementary particle --- {Wikipedia}{,} The Free Encyclopedia",
    year = "2024",
    howpublished = "\url{https://en.wikipedia.org/w/index.php?title=Elementary_particle&oldid=1199429080}",
    note = "[Online; accessed 18-February-2024]"
  }

@misc{alvarezhurtado2019correlation,
      title={Correlation of high energy neutrinos and gamma rays on the direction of Fermi Bubbles}, 
      author={Paola Alvarez-Hurtado and Nissim Fraija and Antonio Galvan and Antonio Marinelli},
      year={2019},
      eprint={1908.03613},
      archivePrefix={arXiv},
      primaryClass={astro-ph.HE}
}

@article{Pongkitivanichkul:2019cvm,
    author = "Pongkitivanichkul, Chakrit and Thongyoi, Nakorn and Uttayarat, Patipan",
    title = "{Inverse seesaw mechanism and portal dark matter}",
    eprint = "1905.13224",
    archivePrefix = "arXiv",
    primaryClass = "hep-ph",
    doi = "10.1103/PhysRevD.100.035034",
    journal = "Phys. Rev. D",
    volume = "100",
    number = "3",
    pages = "035034",
    year = "2019"
}

@article{Tyson_1998,
doi = {10.1086/311314},
url = {https://dx.doi.org/10.1086/311314},
year = {1998},
month = {apr},
publisher = {},
volume = {498},
number = {2},
pages = {L107},
author = {J. Anthony Tyson and Greg P. Kochanski and Ian P. Dell'Antonio},
title = {Detailed Mass Map of CL 0024+1654 from Strong Lensing},
journal = {The Astrophysical Journal},
abstract = {We construct a high-resolution mass map of the z=0.39 cluster 0024+1654, based on a parametric inversion of the associated gravitational lens. The lens creates eight well-resolved subimages of a background galaxy, seen in deep imaging with the Hubble Space Telescope.  Excluding mass concentrations centered on visible galaxies, more than 98% of the remaining mass is represented by a smooth concentration of dark matter centered near the brightest cluster galaxies, with a 35 h-1 kpc soft core. The asymmetry in the mass distribution is less than 3% inside 107 h-1 kpc radius. The dark matter distribution we observe in CL 0024 is far more smooth, symmetric, and nonsingular than in typical simulated clusters in either Ω=1 or Ω=0.3 cold dark matter cosmologies. Integrated to a 107 h-1 kpc radius, the rest-frame mass-to-light ratio is M/LV=276±40 h (M/LV)☉.}
}
